@article{brown,
    author = {Peter F. Brown and Stephen A. Della Pietra and Vincent J. Della Pietra and Robert. L. Mercer},
    title = {The Mathematics of Statistical Machine Translation: Parameter Estimation},
    journal = {Computational Linguistics},
    year = {1993},
    volume = {19},
    pages = {263--311}
}

@inproceedings{moore,
 author = {Moore, Robert C.},
 title = {Improving IBM Word-alignment Model 1},
 booktitle = {Proceedings of the 42Nd Annual Meeting on Association for Computational Linguistics},
 series = {ACL '04},
 year = {2004},
 location = {Barcelona, Spain},
 publisher = {Association for Computational Linguistics},
 address = {Stroudsburg, PA, USA},
} 

@article{weaver,
  author = {W. Weaver},
  title = {Translation},
  journal = {Machine Translation of Languages},
  year = {1955}
}
